@misc{redhat,
    url = {https://www.redhat.com/es/topics/virtualization}
}

@misc{docker,
    url = {https://www.docker.com/}
}

@misc{docs,
    url = {https://docs.docker.com/engine/installation/linux/linux-postinstall/}
}

@misc{walsh,
    author = {Walsh, Daniel J.},
    title = {Are Docker containers really secure?},
    month = jul,
    year = {2014},
    url = {http://blog.octo.com/en/docker-registry-first-steps/} 
}

@misc{stages,
    author = {Mazin, Amaud},
    title = {Docker registry first steps},
    month = feb,
    year = {2014},
    url = {http://blog.octo.com/en/docker-registry-first-steps/} 
}

@misc{ctl,
    author = {Carlson, Lucas},
    title = {What is Docker and When to Use It},
    month = apr,
    year = {2014},
    url = {https://www.ctl.io/developers/blog/post/what-is-docker-and-when-to-use-it/} 
}

@misc{dockerdarnpopular,
    author = {Vaughan-Nichols, Steven J.},
    title = {What is Docker and why is it so darn popular?},
    month = may,
    year = {2017},
    url = {http://www.zdnet.com/article/what-is-docker-and-why-is-it-so-darn-popular/} 
}

@misc{ibm,
    author = {Tholeti, Bhanu},
    title = {Learn about hypervisors, system virtualization, and how it works in a cloud environment},
    month = sep,
    year = {2011},
    url = {https://www.ibm.com/developerworks/cloud/library/cl-hypervisorcompare/}
}

@misc{typeonehyper,
    url = {http://www.virtualizationsoftware.com/type-1-hypervisors/}
}

@misc{whatisdocker,
    url = {https://www.docker.com/what-container}
}

@misc{containerization,
    url = {http://searchservervirtualization.techtarget.com/definition/container-based-virtualization-operating-system-level-virtualization}
}


@misc{cloudinfrastructure,
    author = {Lowe, Scott},
    title = {Virtual Machines Vs. Containers: A Matter Of Scope},
    month = may,
    year = {2014},
    url = {http://www.networkcomputing.com/cloud-infrastructure/virtual-machines-vs-containers-matter-scope/2039932943}
}

@misc{Doe,
author = {Doe, Ringo},
title = {This is a test entry of type {@misc}},
month = jun,
year = {2009},
url = {http://www.test.org/doe/}
}
